@book{pra_sol,
	author       = {В.В. Прасолов, Ю.П. Соловьёв},
	title        = {Эллиптические функции и алгебраические уравнения},
	publisher    = {Факториал},
	date         = {1997},
	keywords     = {trusted},
}
