@book{pra_sol,
	author       = {В.В. Прасолов, Ю.П. Соловьёв},
	title        = {Эллиптические функции и алгебраические уравнения},
	publisher    = {Факториал},
	date         = {1997},
	keywords     = {trusted},
}
@article{unus_rep_prob,
	author       = {Bremner A., Macleod A.},
	title        = {An unusual cubic representation problem},
	journal      = {Annales Mathematicae et Informaticae},
	date         = {2014},
	keywords     = {trusted},
}
